% Optional fields: author, title, howpublished, month, year, note

% Optional fields: author, title, howpublished, month, year, note


@inproceedings{arora2015dcu,
  title={Dcu: Using distributional semantics and domain adaptation for the semantic textual similarity semeval-2015 task 2},
  author={Arora, Piyush and Hokamp, Chris and Foster, Jennifer and Jones, Gareth JF},
  booktitle={Proceedings of the 9th International Workshop on Semantic Evaluation (SemEval 2015)},
  pages={143--147},
  year={2015}
}

@inproceedings{agirrea2015semeval,
  title={Semeval-2015 task 2: Semantic textual similarity, english, spanish and pilot on interpretability},
  author={Agirrea, Eneko and Baneab, Carmen and Cardiec, Claire and Cerd, Daniel and Diabe, Mona and Gonzalez-Agirrea, Aitor and Guof, Weiwei and Lopez-Gazpioa, Inigo and Maritxalara, Montse and Mihalceab, Rada and others},
  booktitle={Proceedings of the 9th international workshop on semantic evaluation (SemEval 2015)},
  pages={252--263},
  year={2015}
}

@article{scikit-learn,
 title={Scikit-learn: Machine Learning in {P}ython},
 author={Pedregosa, F. and Varoquaux, G. and Gramfort, A. and Michel, V.
         and Thirion, B. and Grisel, O. and Blondel, M. and Prettenhofer, P.
         and Weiss, R. and Dubourg, V. and Vanderplas, J. and Passos, A. and
         Cournapeau, D. and Brucher, M. and Perrot, M. and Duchesnay, E.},
 journal={Journal of Machine Learning Research},
 volume={12},
 pages={2825--2830},
 year={2011}
}

@inproceedings{rehurek_lrec,
      title = {{Software Framework for Topic Modelling with Large Corpora}},
      author = {Radim {\v R}eh{\r u}{\v r}ek and Petr Sojka},
      booktitle = {{Proceedings of the LREC 2010 Workshop on New
           Challenges for NLP Frameworks}},
      pages = {45--50},
      year = 2010,
      month = May,
      day = 22,
      publisher = {ELRA},
      address = {Valletta, Malta},
      note={\url{http://is.muni.cz/publication/884893/en}},
      language={English}
}
@book{BirdKleinLoper09,
  author = {Steven Bird and Ewan Klein and Edward Loper},
  title = {{Natural Language Processing with Python}},
  publisher = {O'Reilly Media},
  year = 2009
}
@article{mikolov2013efficient,
  title={Efficient estimation of word representations in vector space},
  author={Mikolov, Tomas and Chen, Kai and Corrado, Greg and Dean, Jeffrey},
  journal={arXiv preprint arXiv:1301.3781},
  year={2013}
}

@article{sogaard2013semi,
  title={Semi-supervised learning and domain adaptation in natural language processing},
  author={S{\o}gaard, Anders},
  journal={Synthesis Lectures on Human Language Technologies},
  volume={6},
  number={2},
  pages={1--103},
  year={2013},
  publisher={Morgan \& Claypool Publishers}
}


@inproceedings{heilman2013ets,
  title={ETS: Domain adaptation and stacking for short answer scoring},
  author={Heilman, Michael and Madnani, Nitin},
  booktitle={Proceedings of the 2nd joint conference on lexical and computational semantics},
  volume={2},
  pages={275--279},
  year={2013}
}


@inproceedings{severyn2013ikernels,
  title={ikernels-core: Tree kernel learning for textual similarity},
  author={Severyn, Aliaksei and Nicosia, Massimo and Moschitti, Alessandro},
  booktitle={Proceedings of the Second Joint Conference on Lexical and Computational Semantics},
  volume={1},
  pages={53--58},
  year={2013},
  organization={Citeseer}
}